<?xml version="1.0" encoding="UTF-8"?><collection xmlns="http://www.loc.gov/MARC21/slim"><record><leader>00555nam--2200193-u-4500</leader><controlfield tag="001">000054473</controlfield><controlfield tag="002">20161230</controlfield><controlfield tag="005">20161230201051</controlfield><controlfield tag="008">120109s1000------------r-----000-0-eng-d</controlfield><datafield ind1=" " ind2=" " tag="020"><subfield code="a">030641242X</subfield></datafield><datafield ind1=" " ind2=" " tag="040"><subfield code="a">IFIN-HH</subfield></datafield><datafield ind1=" " ind2=" " tag="080"><subfield code="a">539.12.162.8:539.17.01:539.12.01(061.3)</subfield></datafield><datafield ind1="1" ind2=" " tag="100"><subfield code="a">Zichichi, Antonino</subfield></datafield><datafield ind1="1" ind2="0" tag="245"><subfield code="a">The unity of the fundamental interactions</subfield><subfield code="c">Antonino zichichi (ed.)</subfield></datafield><datafield ind1=" " ind2=" " tag="260"><subfield code="a">New York</subfield><subfield code="b">Plenum Press</subfield><subfield code="c">1983</subfield></datafield><datafield ind1=" " ind2=" " tag="300"><subfield code="a">817P</subfield></datafield><datafield ind1=" " ind2=" " tag="490"><subfield code="a">The Subnuclear Series</subfield><subfield code="v">Vol. 19</subfield></datafield><datafield ind1=" " ind2=" " tag="852"><subfield code="a">71567</subfield><subfield code="c">539.12</subfield></datafield><datafield ind1=" " ind2=" " tag="CAT"><subfield code="a">Sys</subfield><subfield code="c">20120109</subfield><subfield code="h">162700</subfield></datafield></record></collection>